<collection xmlns="http://www.loc.gov/MARC21/slim">
<record>
  <leader>01790nam0a2200337 i 450 </leader>
  <controlfield tag="001">IT\ICCU\CNCE\037264</controlfield>
  <controlfield tag="005">20060302000000.0</controlfield>
  <datafield tag="012" ind1=" " ind2=" ">
    <subfield code="a">tudi mae- noda dena (C) 1505 (A)</subfield>
    <subfield code="2">fei</subfield>
  </datafield>
  <datafield tag="100" ind1=" " ind2=" ">
    <subfield code="a">19980831d1505        0itac0103    ba</subfield>
  </datafield>
  <datafield tag="101" ind1=" " ind2=" ">
    <subfield code="a">ITA</subfield>
  </datafield>
  <datafield tag="102" ind1=" " ind2=" ">
    <subfield code="a">IT</subfield>
  </datafield>
  <datafield tag="200" ind1="1" ind2=" ">
    <subfield code="a">Libro del rosario della gloriosa Vergine Maria</subfield>
  </datafield>
  <datafield tag="210" ind1=" " ind2=" ">
    <subfield code="e">Stampato in Bologna</subfield>
    <subfield code="g">per Ioanne Antonio di Benedicti citadino bolognese</subfield>
    <subfield code="h">1505. A di primo de febraro</subfield>
  </datafield>
  <datafield tag="215" ind1=" " ind2=" ">
    <subfield code="a">\60! c.</subfield>
    <subfield code="d">4ʻ</subfield>
  </datafield>
  <datafield tag="300" ind1=" " ind2=" ">
    <subfield code="a">Il nome dell&apos;autore si ricava dall&apos;incipit</subfield>
  </datafield>
  <datafield tag="620" ind1=" " ind2=" ">
    <subfield code="a">IT</subfield>
    <subfield code="d">Bologna</subfield>
  </datafield>
  <datafield tag="700" ind1=" " ind2="1">
    <subfield code="a">Franȯis,</subfield>
    <subfield code="b">Michel</subfield>
    <subfield code="3">IT\ICCU\CNCA\005563</subfield>
  </datafield>
  <datafield tag="712" ind1="0" ind2="0">
    <subfield code="a">Benedetti, Giovanni Antonio</subfield>
    <subfield code="c"> &lt;1.&gt;</subfield>
    <subfield code="3">IT\ICCU\CNCT\000128</subfield>
    <subfield code="4">650</subfield>
  </datafield>
  <datafield tag="790" ind1=" " ind2="1">
    <subfield code="a">Insulis,</subfield>
    <subfield code="b">Michael Francisci : de</subfield>
    <subfield code="3">IT\ICCU\CNCA\005564</subfield>
    <subfield code="z">Franȯis, Michel</subfield>
  </datafield>
  <datafield tag="790" ind1=" " ind2="1">
    <subfield code="a">Francisci,</subfield>
    <subfield code="b">Michael : de#Insulis</subfield>
    <subfield code="3">IT\ICCU\CNCA\018859</subfield>
    <subfield code="z">Franȯis, Michel</subfield>
  </datafield>
  <datafield tag="790" ind1=" " ind2="1">
    <subfield code="a">Franciscus,</subfield>
    <subfield code="b">Michael</subfield>
    <subfield code="3">IT\ICCU\CNCA\022218</subfield>
    <subfield code="z">Franȯis, Michel</subfield>
  </datafield>
  <datafield tag="791" ind1="0" ind2="0">
    <subfield code="a">Platonides, Ioannes Antonius</subfield>
    <subfield code="3">IT\ICCU\CNCT\003476</subfield>
    <subfield code="z">Benedetti, Giovanni Antonio &lt;1.&gt;</subfield>
  </datafield>
  <datafield tag="791" ind1="0" ind2="0">
    <subfield code="a">Benedictis, Ioannes Antonius de</subfield>
    <subfield code="c"> &lt;1&gt;</subfield>
    <subfield code="3">IT\ICCU\CNCT\004329</subfield>
    <subfield code="z">Benedetti, Giovanni Antonio &lt;1.&gt;</subfield>
  </datafield>
  <datafield tag="791" ind1="0" ind2="0">
    <subfield code="a">Benedicti, Zuan Antonio de li</subfield>
    <subfield code="3">IT\ICCU\CNCT\004330</subfield>
    <subfield code="z">Benedetti, Giovanni Antonio &lt;1.&gt;</subfield>
  </datafield>
  <datafield tag="801" ind1=" " ind2="3">
    <subfield code="a">IT</subfield>
    <subfield code="b">ICCU</subfield>
    <subfield code="c">20201114</subfield>
  </datafield>
  <datafield tag="899" ind1=" " ind2=" ">
    <subfield code="a">Biblioteca universitaria. Bologna</subfield>
    <subfield code="1">BO0098</subfield>
    <subfield code="2">UBO BU</subfield>
  </datafield>
  <datafield tag="899" ind1=" " ind2=" ">
    <subfield code="a">Biblioteca comunale dell&apos;Archiginnasio. Bologna</subfield>
    <subfield code="1">BO0304</subfield>
    <subfield code="2">UBO GA</subfield>
  </datafield>
  <datafield tag="899" ind1=" " ind2=" ">
    <subfield code="a">Biblioteca Estense Universitaria. Modena</subfield>
    <subfield code="1">MO0089</subfield>
    <subfield code="2">MOD BE</subfield>
  </datafield>
  <datafield tag="899" ind1=" " ind2=" ">
    <subfield code="a">Biblioteca del Capitolo della Cattedrale. Reggio Emilia</subfield>
    <subfield code="1">RE0046</subfield>
    <subfield code="2">ZRE 01</subfield>
  </datafield>
  <datafield tag="911" ind1=" " ind2=" ">
    <subfield code="a">In fine.</subfield>
    <subfield code="9">IT\ICCU\CNCM\000543</subfield>
  </datafield>
  <datafield tag="921" ind1=" " ind2=" ">
    <subfield code="a">IT\ICCU\CNCM\000543</subfield>
    <subfield code="b">Cerchio con croce tripla e in basso mano benedicente. Iniziali I.A.P.</subfield>
    <subfield code="c">K7</subfield>
    <subfield code="c">V9</subfield>
    <subfield code="c">Z316</subfield>
    <subfield code="d">Dimensioni: 5 x 7,9</subfield>
    <subfield code="f">CERCHIO</subfield>
    <subfield code="f">CROCE</subfield>
    <subfield code="f">IAP</subfield>
    <subfield code="f">MANO</subfield>
    <subfield code="g">1502-1510</subfield>
  </datafield>
</record>
</collection>
